<?xml version="1.0" encoding="UTF-8"?><collection xmlns="http://www.loc.gov/MARC21/slim"><record><leader>00450nam--2200145-i-4500</leader><controlfield tag="001">000006018</controlfield><controlfield tag="002">20161230</controlfield><controlfield tag="005">20170111224304</controlfield><controlfield tag="008">060222s1000------------r-----000-0-eng-d</controlfield><datafield ind1=" " ind2=" " tag="245"><subfield code="a">British union-catalogue of periodical. A record of the periodicals of the world, from the seventeenth century to the present day</subfield></datafield><datafield ind1=" " ind2=" " tag="260"><subfield code="a">London</subfield><subfield code="b">Butterworths</subfield><subfield code="c">1962</subfield></datafield><datafield ind1=" " ind2=" " tag="300"><subfield code="a">991 p</subfield></datafield><datafield ind1=" " ind2=" " tag="700"><subfield code="a">Stewart, J. D</subfield></datafield><datafield ind1=" " ind2=" " tag="852"><subfield code="a">D.1085</subfield></datafield><datafield ind1=" " ind2=" " tag="CAT"><subfield code="a">SYS</subfield><subfield code="c">20170111</subfield><subfield code="h">224304</subfield></datafield></record></collection>